<collection xmlns="http://www.loc.gov/MARC21/slim">
   <record>
      <leader>03191cam a2200529 i 4500</leader>
      <controlfield tag="001">6803063</controlfield>
      <controlfield tag="003">OCoLC</controlfield>
      <controlfield tag="005">20150116122536.0</controlfield>
      <controlfield tag="008">140605s2015    oncab  j b    001 0deng  </controlfield>
      <datafield ind1=" " ind2=" " tag="010">
         <subfield code="a">  2014020966</subfield>
      </datafield>
      <datafield ind1=" " ind2=" " tag="020">
         <subfield code="a">9780778714293 (reinforced library binding)</subfield>
      </datafield>
      <datafield ind1=" " ind2=" " tag="020">
         <subfield code="a">0778714292 (reinforced library binding)</subfield>
      </datafield>
      <datafield ind1=" " ind2=" " tag="020">
         <subfield code="a">9780778714354 (pbk.)</subfield>
      </datafield>
      <datafield ind1=" " ind2=" " tag="020">
         <subfield code="a">0778714357 (pbk.)</subfield>
      </datafield>
      <datafield ind1=" " ind2=" " tag="020">
         <subfield code="z">9781427175908 (electronic pdf)</subfield>
      </datafield>
      <datafield ind1=" " ind2=" " tag="020">
         <subfield code="z">9781427175809 (electronic html)</subfield>
      </datafield>
      <datafield ind1=" " ind2=" " tag="035">
         <subfield code="a">ocn881146239</subfield>
      </datafield>
      <datafield ind1=" " ind2=" " tag="040">
         <subfield code="a">DLC</subfield>
         <subfield code="b">eng</subfield>
         <subfield code="e">rda</subfield>
         <subfield code="c">DLC</subfield>
         <subfield code="d">IG#</subfield>
         <subfield code="d">BTCTA</subfield>
         <subfield code="d">OCLCF</subfield>
         <subfield code="d">QBX</subfield>
         <subfield code="d">MLY</subfield>
         <subfield code="d">UAB</subfield>
         <subfield code="d">AEU</subfield>
      </datafield>
      <datafield ind1=" " ind2=" " tag="042">
         <subfield code="a">pcc</subfield>
      </datafield>
      <datafield ind1=" " ind2=" " tag="043">
         <subfield code="a">n------</subfield>
         <subfield code="a">s------</subfield>
         <subfield code="a">e-sp---</subfield>
         <subfield code="a">n-us-fl</subfield>
      </datafield>
      <datafield ind1="0" ind2="0" tag="050">
         <subfield code="a">E125.P7</subfield>
         <subfield code="b">O27 2015</subfield>
      </datafield>
      <datafield ind1="0" ind2="0" tag="082">
         <subfield code="a">910.92</subfield>
         <subfield code="a">B</subfield>
         <subfield code="2">23</subfield>
      </datafield>
      <datafield ind1=" " ind2=" " tag="090">
         <subfield code="a">E 125 P7 O27 2015</subfield>
         <subfield code="b">AEU</subfield>
      </datafield>
      <datafield ind1="1" ind2=" " tag="100">
         <subfield code="a">O'Brien, Cynthia</subfield>
         <subfield code="q">(Cynthia J.),</subfield>
         <subfield code="e">author.</subfield>
         <subfield code="0">http://id.loc.gov/authorities/names/n2013002606</subfield>
         <subfield code="0">http://viaf.org/viaf/295304116</subfield>
      </datafield>
      <datafield ind1="1" ind2="0" tag="245">
         <subfield code="a">Explore with Ponce de Le贸n /</subfield>
         <subfield code="c">Cynthia O'Brien.</subfield>
      </datafield>
      <datafield ind1=" " ind2="1" tag="264">
         <subfield code="a">St. Catharines, ON ;</subfield>
         <subfield code="a">New York, New York :</subfield>
         <subfield code="b">Crabtree Publishing Company,</subfield>
         <subfield code="c">[2015]</subfield>
      </datafield>
      <datafield ind1=" " ind2=" " tag="300">
         <subfield code="a">32 pages :</subfield>
         <subfield code="b">color illustrations, color map ;</subfield>
         <subfield code="c">28 cm.</subfield>
      </datafield>
      <datafield ind1=" " ind2=" " tag="336">
         <subfield code="a">text</subfield>
         <subfield code="b">txt</subfield>
         <subfield code="2">rdacontent</subfield>
         <subfield code="0">http://id.loc.gov/vocabulary/contentTypes/txt</subfield>
      </datafield>
      <datafield ind1=" " ind2=" " tag="337">
         <subfield code="a">unmediated</subfield>
         <subfield code="b">n</subfield>
         <subfield code="2">rdamedia</subfield>
         <subfield code="0">http://id.loc.gov/vocabulary/mediaTypes/n</subfield>
      </datafield>
      <datafield ind1=" " ind2=" " tag="338">
         <subfield code="a">volume</subfield>
         <subfield code="b">nc</subfield>
         <subfield code="2">rdacarrier</subfield>
         <subfield code="0">http://id.loc.gov/vocabulary/carriers/nc</subfield>
      </datafield>
      <datafield ind1="1" ind2=" " tag="490">
         <subfield code="a">Travel with the great explorers</subfield>
      </datafield>
      <datafield ind1=" " ind2=" " tag="504">
         <subfield code="a">Includes bibliographical references (page 31) and index.</subfield>
      </datafield>
      <datafield ind1="0" ind2=" " tag="505">
         <subfield code="a">Meet the boss -- Where are we heading? -- Ponce de Le贸n's voyage to Florida -- Meet the crew -- Check out the ride -- Solve it with science -- Hanging at home -- Meeting and greeting -- Peoples of Florida -- I love nature -- Fortune hunting -- This isn't what it said in the brochure! -- End of the road -- Glossary &amp; timeline -- On the web &amp; books -- Index.</subfield>
      </datafield>
      <datafield ind1=" " ind2=" " tag="520">
         <subfield code="a">This informative book follows the travels of Spanish explorer Juan Ponce de Le贸n to the Caribbean and Florida.</subfield>
      </datafield>
      <datafield ind1=" " ind2=" " tag="590">
         <subfield code="a">University of Alberta Library copy in the Canadian Children's Book Centre Depository Collection.</subfield>
      </datafield>
      <datafield ind1=" " ind2=" " tag="596">
         <subfield code="a">41</subfield>
      </datafield>
      <datafield ind1="1" ind2="0" tag="600">
         <subfield code="a">Ponce de Le贸n, Juan,</subfield>
         <subfield code="d">1460?-1521</subfield>
         <subfield code="v">Juvenile literature.</subfield>
         <subfield code="0">http://id.loc.gov/authorities/names/n50023981</subfield>
      </datafield>
      <datafield ind1=" " ind2="0" tag="650">
         <subfield code="a">Explorers</subfield>
         <subfield code="z">America</subfield>
         <subfield code="v">Biography</subfield>
         <subfield code="v">Juvenile literature.</subfield>
         <subfield code="0">http://id.loc.gov/authorities/subjects/sh2008103439</subfield>
      </datafield>
      <datafield ind1=" " ind2="0" tag="650">
         <subfield code="a">Explorers</subfield>
         <subfield code="z">Spain</subfield>
         <subfield code="v">Biography</subfield>
         <subfield code="v">Juvenile literature.</subfield>
         <subfield code="0">http://id.loc.gov/authorities/subjects/sh2008103440</subfield>
      </datafield>
      <datafield ind1=" " ind2="0" tag="651">
         <subfield code="a">Florida</subfield>
         <subfield code="x">Discovery and exploration</subfield>
         <subfield code="x">Spanish</subfield>
         <subfield code="v">Juvenile literature.</subfield>
      </datafield>
      <datafield ind1=" " ind2="0" tag="651">
         <subfield code="a">America</subfield>
         <subfield code="x">Discovery and exploration</subfield>
         <subfield code="x">Spanish</subfield>
         <subfield code="v">Juvenile literature.</subfield>
         <subfield code="0">http://id.loc.gov/authorities/subjects/sh85004257</subfield>
      </datafield>
      <datafield ind1=" " ind2=" " tag="758">
         <subfield code="0">http://worldcat.org/entity/work/id/23617859</subfield>
      </datafield>
      <datafield ind1="0" ind2=" " tag="787">
         <subfield code="n">OCLC Work Id</subfield>
         <subfield code="o">http://worldcat.org/entity/work/id/23617859</subfield>
      </datafield>
      <datafield ind1=" " ind2="0" tag="830">
         <subfield code="a">Travel with the great explorers.</subfield>
         <subfield code="0">http://id.loc.gov/authorities/names/no2014116874</subfield>
      </datafield>
      <datafield ind1=" " ind2=" " tag="949">
         <subfield code="a">E 125 P7 O27 2015</subfield>
         <subfield code="c">1</subfield>
         <subfield code="h">UAED-CU-B</subfield>
         <subfield code="i">0162035233673</subfield>
      </datafield>
      <datafield ind1=" " ind2=" " tag="926">
         <subfield code="a">E 125 P7 O27 2015</subfield>
         <subfield code="w">LC</subfield>
         <subfield code="c">1</subfield>
         <subfield code="i">0162035233673</subfield>
         <subfield code="l">CURRICULUM</subfield>
         <subfield code="m">UAEDUC</subfield>
         <subfield code="p">$150.00</subfield>
         <subfield code="r">Y</subfield>
         <subfield code="s">Y</subfield>
         <subfield code="t">BOOK</subfield>
         <subfield code="u">2/11/2015</subfield>
      </datafield>
      <datafield ind1=" " ind2=" " tag="926">
         <subfield code="a">E 125 P7 O27 2015</subfield>
         <subfield code="w">LC</subfield>
         <subfield code="c">2</subfield>
         <subfield code="i">0162034253045</subfield>
         <subfield code="l">CCBCC</subfield>
         <subfield code="m">UAEDUC</subfield>
         <subfield code="p">$150.00</subfield>
         <subfield code="r">Y</subfield>
         <subfield code="s">Y</subfield>
         <subfield code="t">NO_LOAN</subfield>
         <subfield code="u">4/14/2015</subfield>
      </datafield>
   </record>
</collection>
